%Timoshenko, shape functions
@ARTICLE{Baz03,
	author = {A. Bazoune and Y.A. Khulief and N.G. Stephen},
	title = {Shape functions of three-dimensional Timoshenko beam element},
	journal = {Journal of Sound and Vibration},
	year = {2003},
	volume = {259},
	pages = {473--480}
}
%number = {2},
%editor = {N.G. Stephen},

%Assumptions
@article{Nar74,
	author = {NARAYANASWAMI, R. and ADELMAN, H. M.},
	title = {Inclusion of Transverse Shear Deformation in Finite Element Displacement Formulations},
	journal = {AIAA Journal},
	year = {1974},
	volume = {12},
	pages = {1613-1614}
}
% number = {11},
% doi = {10.2514/3.49563},
% URL = {https://doi.org/10.2514/3.49563},